<?xml version="1.0" encoding="UTF-8"?><collection xmlns="http://www.loc.gov/MARC21/slim"><record><leader>00395nam--2200121-i-4500</leader><controlfield tag="001">000046901</controlfield><controlfield tag="002">20161230</controlfield><controlfield tag="005">20161230201046</controlfield><controlfield tag="008">060222s1000------------r-----000-0-eng-d</controlfield><datafield ind1=" " ind2=" " tag="080"><subfield code="a">621.039.58</subfield></datafield><datafield ind1=" " ind2=" " tag="245"><subfield code="a">Warer cooled reactor safety. an assessment prepared for the committee on reactor safety technology, may 1970</subfield></datafield><datafield ind1=" " ind2=" " tag="260"><subfield code="a">Paris, European Nuclear Energy Agency, Oecd, 1970, 179p</subfield></datafield><datafield ind1=" " ind2=" " tag="852"><subfield code="a">33941</subfield></datafield></record></collection>